<record><leader>00000cas a22000007a 4500</leader><controlfield tag="001">2266075</controlfield><controlfield tag="008">760620d18561857pauwr ne      0    0eng d</controlfield><datafield ind1=" " ind2=" " tag="010"><subfield code="a">sn 84026145 </subfield></datafield><datafield ind1=" " ind2=" " tag="040"><subfield code="a">PIT</subfield><subfield code="b">eng</subfield><subfield code="c">PIT</subfield><subfield code="d">NPU</subfield><subfield code="d">NPX</subfield><subfield code="d">NPH</subfield><subfield code="d">NVF</subfield><subfield code="d">OCL</subfield><subfield code="d">OCLCF</subfield><subfield code="d">OCLCO</subfield></datafield><datafield ind1="1" ind2=" " tag="029"><subfield code="a">AU@</subfield><subfield code="b">000020228844</subfield></datafield><datafield ind1=" " ind2=" " tag="042"><subfield code="a">msc</subfield></datafield><datafield ind1="0" ind2="4" tag="245"><subfield code="a">The Philadelphia Saturday bulletin and American courier.</subfield></datafield><datafield ind1="0" ind2="3" tag="246"><subfield code="a">Bulletin and courier</subfield></datafield><datafield ind1=" " ind2=" " tag="260"><subfield code="a">Philadelphia, Pa. :</subfield><subfield code="b">A. Cummings,</subfield><subfield code="c">1856-1857.</subfield></datafield><datafield ind1=" " ind2=" " tag="300"><subfield code="a">2 v. ;</subfield><subfield code="c">57 cm.</subfield></datafield><datafield ind1=" " ind2=" " tag="310"><subfield code="a">Weekly</subfield></datafield><datafield ind1="0" ind2=" " tag="362"><subfield code="a">Vol. 1, no. 46 (Nov. 15, 1856)-v. 2, no. 50 (Dec. 12, 1857).</subfield></datafield><datafield ind1=" " ind2=" " tag="580"><subfield code="a">Formed by the union of: Philadelphia Saturday bulletin (non-extant?), and: American Saturday courier. Cf. Nov. 15, 1856.</subfield></datafield><datafield ind1=" " ind2=" " tag="580"><subfield code="a">Daily ed.: Daily evening bulletin (Philadelphia, Pa.).</subfield></datafield><datafield ind1=" " ind2="0" tag="651"><subfield code="a">Philadelphia (Pa.)</subfield><subfield code="v">Newspapers.</subfield></datafield><datafield ind1=" " ind2="7" tag="655"><subfield code="a">Newspapers.</subfield><subfield code="2">fast</subfield><subfield code="0">(OCoLC)fst01423814</subfield></datafield><datafield ind1=" " ind2="7" tag="651"><subfield code="a">Pennsylvania</subfield><subfield code="z">Philadelphia.</subfield><subfield code="2">fast</subfield><subfield code="0">(OCoLC)fst01204170</subfield></datafield><datafield ind1=" " ind2=" " tag="752"><subfield code="a">United States</subfield><subfield code="b">Pennsylvania</subfield><subfield code="c">Philadelphia</subfield><subfield code="d">Philadelphia.</subfield></datafield><datafield ind1="1" ind2=" " tag="775"><subfield code="t">Daily evening bulletin (Philadelphia, Pa.)</subfield><subfield code="w">(DLC)sn 84026016</subfield></datafield><datafield ind1="1" ind2="4" tag="780"><subfield code="t">Philadelphia Saturday bulletin</subfield></datafield><datafield ind1="1" ind2="4" tag="780"><subfield code="t">American Saturday courier</subfield><subfield code="w">(DLC)sn 84026021</subfield></datafield><datafield ind1="0" ind2="0" tag="785"><subfield code="t">Philadelphia Saturday bulletin (Philadelphia, Pa. : 1857)</subfield><subfield code="w">(DLC)sn 85054790</subfield></datafield></record>